@ARTICLE{SimonThesis,
   author = {S. Au{\ss}erlechner},
    title = "{Parameterized Synthesis of Guarded Systems (Master Thesis)}",
  journal = {TU Graz Library},
     year = 2015,
    month = May,
      note = {Available at {\small\url{https://diglib.tugraz.at/download.php?id=576a77d1edae0&location=browse}}},
}


@article{bjornerhorn,
  title={Horn Clause Solvers for Program Verification},
  author={Bj{\o}rner, Nikolaj and Gurfinkel, Arie and McMillan, Ken and Rybalchenko, Andrey}
}


@phdthesis{BeDi,
    title    = {Temporal Program Verification and Synthesis as Horn Constraints Solving},
    school   = {Technical University of Munich},
    author   = {Tewodros Awgichew Beyene},
    year     = {2015},
    type     = {{PhD} dissertation},
}


@ARTICLE{2017arXiv171204291K,
   author = {{Klampfl}, P. and {Koenighofer}, R. and {Bloem}, R. and {Khalimov}, A. and 
	{Abu-Yonis}, A. and {Moran}, S.},
    title = "{OpenSEA: Semi-Formal Methods for Soft Error Analysis}",
  journal = {ArXiv e-prints},
archivePrefix = "arXiv",
   eprint = {1712.04291},
 primaryClass = "cs.OH",
 keywords = {Computer Science - Other Computer Science},
     year = 2017,
    month = dec,
   adsurl = {http://adsabs.harvard.edu/abs/2017arXiv171204291K},
  adsnote = {Provided by the SAO/NASA Astrophysics Data System}
}

@article{Chandra:1981:ALT:322234.322243,
 author = {Chandra, Ashok K. and Kozen, Dexter C. and Stockmeyer, Larry J.},
 title = {Alternation},
 journal = {J. ACM},
 issue_date = {Jan. 1981},
 volume = {28},
 number = {1},
 month = jan,
 year = {1981},
 issn = {0004-5411},
 pages = {114--133},
 numpages = {20},
 url = {http://doi.acm.org/10.1145/322234.322243},
 doi = {10.1145/322234.322243},
 acmid = {322243},
 publisher = {ACM},
 address = {New York, NY, USA},
} 


@book{SMT,
 author = {Biere, A. and Biere, A. and Heule, M. and van Maaren, H. and Walsh, T.},
 title = {Handbook of Satisfiability: Volume 185 Frontiers in Artificial Intelligence and Applications},
 year = {2009},
 isbn = {1586039296, 9781586039295},
 publisher = {IOS Press},
 address = {Amsterdam, The Netherlands, The Netherlands},
} 


@Inbook{NUSMV,
author="Cimatti, Alessandro
and Clarke, Edmund
and Giunchiglia, Enrico
and Giunchiglia, Fausto
and Pistore, Marco
and Roveri, Marco
and Sebastiani, Roberto
and Tacchella, Armando",
editor="Brinksma, Ed
and Larsen, Kim Guldstrand",
title="NuSMV 2: An OpenSource Tool for Symbolic Model Checking",
bookTitle="Computer Aided Verification: 14th International Conference, CAV 2002 Copenhagen, Denmark, July 27--31, 2002 Proceedings",
year="2002",
publisher="Springer Berlin Heidelberg",
address="Berlin, Heidelberg",
pages="359--364",
isbn="978-3-540-45657-5",
doi="10.1007/3-540-45657-0_29",
url="https://doi.org/10.1007/3-540-45657-0_29"
}


@Inbook{Pnueli1989,
author="Pnueli, Amir and Rosner, Roni",
title="On the synthesis of an asynchronous reactive module",
bookTitle="Automata, Languages and Programming: 16th International Colloquium Stresa, Italy, July 11--15, 1989 Proceedings",
year="1989",
publisher="Springer Berlin Heidelberg",
address="Berlin, Heidelberg",
pages="652--671",
isbn="978-3-540-46201-9",
doi="10.1007/BFb0035790",
url="https://doi.org/10.1007/BFb0035790"
}

@inproceedings{Vardi:1985:IUL:22145.22173,
 author = {Vardi, M Y and Stockmeyer, L},
 title = {Improved Upper and Lower Bounds for Modal Logics of Programs},
 booktitle = {Proceedings of the Seventeenth Annual ACM Symposium on Theory of Computing},
 series = {STOC '85},
 year = {1985},
 isbn = {0-89791-151-2},
 location = {Providence, Rhode Island, USA},
 pages = {240--251},
 numpages = {12},
 url = {http://doi.acm.org/10.1145/22145.22173},
 doi = {10.1145/22145.22173},
 acmid = {22173},
 publisher = {ACM},
 address = {New York, NY, USA},
} 

@inproceedings{DBLP:journals/corr/Khalimov16,
  author    = {Ayrat Khalimov},
  title     = {Specification Format for Reactive Synthesis Problems},
  booktitle = {Proceedings Fourth Workshop on Synthesis, {SYNT} 2015, San Francisco,
               CA, USA, 18th July 2015.},
  pages     = {112--119},
  year      = {2015},
  url       = {https://doi.org/10.4204/EPTCS.202.8},
  timestamp = {Wed, 03 May 2017 14:47:56 +0200},
  biburl    = {http://dblp.uni-trier.de/rec/bib/journals/corr/Khalimov16},
  bibsource = {dblp computer science bibliography, http://dblp.org}
}


@article{DBLP:journals/sigact/BloemJKKRVW16,
  author    = {Roderick Bloem and
               Swen Jacobs and
               Ayrat Khalimov and
               Igor Konnov and
               Sasha Rubin and
               Helmut Veith and
               Josef Widder},
  title     = {Decidability in Parameterized Verification},
  journal   = {{SIGACT} News},
  volume    = {47},
  number    = {2},
  pages     = {53--64},
  year      = {2016},
  url       = {http://doi.acm.org/10.1145/2951860.2951873},
  doi       = {10.1145/2951860.2951873},
  timestamp = {Wed, 08 Jun 2016 01:00:00 +0200},
  biburl    = {http://dblp.uni-trier.de/rec/bib/journals/sigact/BloemJKKRVW16},
  bibsource = {dblp computer science bibliography, http://dblp.org}
}


@book{Rabin69,
    	author = "M.O. Rabin",
    	title = "Automata on Infinite Objects and Church's Problem",
    	series = "Conference Series in Mathematics",
    	year = 1969,
    	number = 13,
    	publisher = "American Mathematical Society",
    	}

@Article{BL69,
  author =       {J. R. B{\"u}chi and L. H. Landweber},
  title =        {Solving Sequential Conditions by Finite-State Strategies},
  journal =      {Transactions of the American Mathematical Society},
  year =         {1969},
  volume =       {138},
  pages =        {295-311}
}

@inproceedings{BJK14,
  author    = {Roderick Bloem and
               Swen Jacobs and
               Ayrat Khalimov},
  title     = {Parameterized Synthesis Case Study: {AMBA} {AHB}},
  booktitle = {SYNT},
  year      = {2014},
  pages     = {68--83},
  series    = {{EPTCS}},
  volume    = {157},
  url       = {http://dx.doi.org/10.4204/EPTCS.157.9},
  doi       = {10.4204/EPTCS.157.9},
  timestamp = {Wed, 05 Nov 2014 14:33:20 +0100},
  biburl    = {http://dblp.uni-trier.de/rec/bib/journals/corr/BloemJK14a},
  bibsource = {dblp computer science bibliography, http://dblp.org}
}



@inproceedings{EsparzaFM99,
  author    = {Javier Esparza and
               Alain Finkel and
               Richard Mayr},
  title     = {On the Verification of Broadcast Protocols},
  booktitle = {LICS},
  pages     = {352--359},
  publisher = {{IEEE} Computer Society},
  year      = {1999},
  url       = {http://dx.doi.org/10.1109/LICS.1999.782630},
  doi       = {10.1109/LICS.1999.782630},
  timestamp = {Sat, 22 Nov 2014 13:44:44 +0100},
  biburl    = {http://dblp.uni-trier.de/rec/bib/conf/lics/EsparzaFM99},
  bibsource = {dblp computer science bibliography, http://dblp.org}
}


@Article{Ehlers12,
  author = 	 {R. Ehlers},
  title = 	 {Symbolic bounded synthesis},
  journal = 	 {Formal Methods in System Design},
  year = 	 2012,
  volume = 	 40,
  pages = 	 {232-262}}


@inproceedings{Klein10,
  author    = {Uri Klein and
               Amir Pnueli},
  title     = {Revisiting Synthesis of GR(1) Specifications},
  booktitle = {Haifa Verification Conference},
  year      = {2010},
  pages     = {161-181},
  ee        = {http://dx.doi.org/10.1007/978-3-642-19583-9_16},
  bibsource = {DBLP, http://dblp.uni-trier.de},
  publisher = {Springer},
  series    = {Lecture Notes in Computer Science},
  volume    = {6504},
  editor    = {Sharon Barner and
               Ian G. Harris and
               Daniel Kroening and
               Orna Raz},
}


@article{Filiot11,
 author = {Filiot, Emmanuel and Jin, Naiyong and Raskin, Jean-Fran\c{c}ois},
 title = {Antichains and compositional algorithms for {LTL} synthesis},
 journal = {Form. Methods Syst. Des.},
 issue_date = {2011},
 volume = {39},
 number = {3},
 year = {2011},
 issn = {0925-9856},
 pages = {261--296},
 numpages = {36},
 doi = {10.1007/s10703-011-0115-3},
 acmid = {2086875},
 publisher = {Kluwer Academic Publishers},
 address = {Hingham, MA, USA},
 keywords = {Antichain algorithms, Automata on infinite words, Compositional algorithms, LTL realizability and synthesis},
} 

@inproceedings{spot,
  author = {Alexandre Duret-Lutz and Alexandre Lewkowicz and Amaury
		  Fauchille and Thibaud Michaud and Etienne Renault and
		  Laurent Xu},
  title = {Spot 2.0 --- a framework for {LTL} and $\omega$-automata manipulation},
  booktitle = {Proceedings of the 14th International Symposium on
		  Automated Technology for Verification and Analysis
		  (ATVA'16)},
  series = {Lecture Notes in Computer Science},
  publisher = {Springer},
  volume = {9938},
  pages = {122--129},
  year = {2016},
  month = oct,
  pdf = {adl/duret.16.atva2.pdf},
  doi = {10.1007/978-3-319-46520-3_8}
}


@article{BCG1989,
 author = {Browne, M. C. and Clarke, E. M. and Grumberg, O.},
 title = {Reasoning about networks with many identical finite state processes},
 journal = {Inf. Comput.},
 volume = {81},
 issue = {1},
 month = {April},
 year = {1989},
 pages = {13--31},
 numpages = {19},
 acmid = {69852},
 publisher = {Academic Press, Inc.},
 address = {Duluth, MN, USA},
} 

@inproceedings{Bloem10c,
  author    = {Roderick Bloem and
               Alessandro Cimatti and
               Karin Greimel and
               Georg Hofferek and
               Robert K{\"o}nighofer and
               Marco Roveri and
               Viktor Schuppan and
               Richard Seeber},
  title     = {RATSY - A New Requirements Analysis Tool with Synthesis},
  booktitle = {CAV},
  year      = {2010},
  publisher = {Springer},
  series    = {LNCS},
  volume    = {6174},
  pages     = {425-429},
  doi       = {10.1007/978-3-642-14295-6\_37},
  bibsource = {DBLP, http://dblp.uni-trier.de}
}


@article{GodhalCH13,
  author    = {Yashdeep Godhal and
               Krishnendu Chatterjee and
               Thomas A. Henzinger},
  title     = {Synthesis of AMBA AHB from formal specification: a case
               study},
  journal   = {STTT},
  volume    = {15},
  number    = {5-6},
  year      = {2013},
  pages     = {585-601},
  doi       = {10.1007/s10009-011-0207-9},
  bibsource = {DBLP, http://dblp.uni-trier.de}
}

@misc{AMBAspec,
author = {{ARM Ltd.}},
title = {{AMBA} Specification (Rev.2)},
howpublished = {Available from www.arm.com},
year = {1999}
}

@phdthesis{BarbaraThesis,
  title={Applications and Optimizations for LTL Synthesis},
  author={Jobstmann, Barbara},
  year={2007},
  school={Graz University of Technology}
}

@article{Manna92,
  title={Temporal specification and verification of reactive modules},
  author={Manna, Z. and Pnueli, A.},
  journal={Weizmann Institute of Science Technical Report},
  year={1992}
}


@inproceedings{PnueliRZ01,
  author    = {A. Pnueli and
               S. Ruah and
               L. D. Zuck},
  title     = {Automatic Deductive Verification with Invisible Invariants},
  booktitle = {TACAS},
  pages     = {82--97},
  year      = {2001},
  series    = {LNCS},
  volume    = {2031},
  publisher = {Springer},
  url       = {http://dx.doi.org/10.1007/3-540-45319-9_7},
  doi       = {10.1007/3-540-45319-9_7},
  timestamp = {Sat, 08 Dec 2012 19:34:35 +0100},
  biburl    = {http://dblp.uni-trier.de/rec/bib/conf/tacas/PnueliRZ01},
  bibsource = {dblp computer science bibliography, http://dblp.org}
}
@article{FangPPZ06,
  author    = {Y. Fang and
               N. Piterman and
               A. Pnueli and
               L. D. Zuck},
  title     = {Liveness with invisible ranking},
  journal   = {{STTT}},
  volume    = {8},
  number    = {3},
  pages     = {261--279},
  year      = {2006},
  url       = {http://dx.doi.org/10.1007/s10009-005-0193-x},
  doi       = {10.1007/s10009-005-0193-x},
  timestamp = {Wed, 07 Feb 2007 07:57:05 +0100},
  biburl    = {http://dblp.uni-trier.de/rec/bib/journals/sttt/FangPPZ06},
  bibsource = {dblp computer science bibliography, http://dblp.org}
}

@inproceedings{AminofKRSV14,
  author    = {B. Aminof and
               T. Kotek and
               S. Rubin and
               F. Spegni and
               H. Veith},
  title     = {Parameterized Model Checking of Rendezvous Systems},
  booktitle = {{CONCUR}},
  year      = {2014},
  series    = {LNCS},
  volume    = {8704},
  publisher = {Springer},
  pages     = {109--124},
  url       = {http://dx.doi.org/10.1007/978-3-662-44584-6_9},
  doi       = {10.1007/978-3-662-44584-6_9},
  timestamp = {Thu, 11 Sep 2014 09:50:52 +0200},
  biburl    = {http://dblp.uni-trier.de/rec/bib/conf/concur/AminofKRSV14},
  bibsource = {dblp computer science bibliography, http://dblp.org}
}
@book{BloemETAL15,
  author    = {Roderick Bloem and Swen Jacobs and Ayrat Khalimov and Igor Konnov and Sasha Rubin and Helmut Veith and Josef Widder},
  title     = {Decidability of Parameterized Verification},
  booktitle = {Decidability of Parameterized Verification},
  series    = {Synthesis Lectures on Distributed Computing Theory},
  publisher = {Morgan {\&} Claypool Publishers},
  year      = {2015},
  month     = {September},
  note      = {170 pages},
  url       = {http://www.morganclaypool.com/doi/10.2200/S00658ED1V01Y201508DCT013},
  doi       = {10.2200/S00658ED1V01Y201508DCT013}
}
@inproceedings{AbdullaHH13,
  author    = {P. A. Abdulla and
               F. Haziza and
               L. Hol{\'{\i}}k},
  title     = {All for the Price of Few},
  booktitle = {VMCAI},
  pages     = {476--495},
  series    = {LNCS},
  volume    = {7737},
  publisher = {Springer},
  year      = {2013},
  url       = {http://dx.doi.org/10.1007/978-3-642-35873-9_28},
  doi       = {10.1007/978-3-642-35873-9_28},
  timestamp = {Fri, 25 Jan 2013 09:43:18 +0100},
  biburl    = {http://dblp.uni-trier.de/rec/bib/conf/vmcai/AbdullaHH13},
  bibsource = {dblp computer science bibliography, http://dblp.org}
}

@inproceedings{AJK16,
  author    = {Simon Au{\ss}erlechner and
               Swen Jacobs and
               Ayrat Khalimov},
  editor    = {Barbara Jobstmann and
               K. Rustan M. Leino},
  title     = {Tight Cutoffs for Guarded Protocols with Fairness},
  booktitle = {VMCAI},
  series    = {LNCS},
  volume    = {9583},
  pages     = {476--494},
  publisher = {Springer},
  year      = {2016},
  url       = {http://dx.doi.org/10.1007/978-3-662-49122-5_23},
  doi       = {10.1007/978-3-662-49122-5_23},
  timestamp = {Tue, 05 Jan 2016 12:40:34 +0100},
  biburl    = {http://dblp.uni-trier.de/rec/bib/conf/vmcai/AusserlechnerJK16},
  bibsource = {dblp computer science bibliography, http://dblp.org}
}


@article{JB14,
  author    = {S. Jacobs and
               R. Bloem},
  title     = {Parameterized Synthesis},
  journal   = {Logical Methods in Computer Science},
  volume    = {10},
	issue			= {1:12},
	pages			= {1-29},
  year      = {2014},
  ee        = {http://arxiv.org/abs/1401.3588},
  bibsource = {DBLP, http://dblp.uni-trier.de}
}

@article{EmersonC82,
  author    = {Emerson, E. A. and Clarke, E. M.},
  title     = {Using Branching Time Temporal Logic to Synthesize Synchronization
               Skeletons},
  journal   = {Sci. Comput. Program.},
  volume    = {2},
  number    = {3},
  pages     = {241--266},
  year      = {1982},
  url       = {http://dx.doi.org/10.1016/0167-6423(83)90017-5},
  doi       = {10.1016/0167-6423(83)90017-5},
  timestamp = {Tue, 30 Aug 2011 17:13:45 +0200},
  biburl    = {http://dblp.uni-trier.de/rec/bib/journals/scp/EmersonC82},
  bibsource = {dblp computer science bibliography, http://dblp.org}
}

@inproceedings{KaiserKW10,
  author    = {A. Kaiser and
               D. Kroening and
               T. Wahl},
  title     = {Dynamic Cutoff Detection in Parameterized Concurrent Programs},
  booktitle = {CAV},
  pages     = {645--659},
  year      = {2010},
  series    = {LNCS},
  volume    = {6174},
  publisher = {Springer},
  url       = {http://dx.doi.org/10.1007/978-3-642-14295-6_55},
  doi       = {10.1007/978-3-642-14295-6_55},
  timestamp = {Wed, 23 Jan 2013 12:42:30 +0100},
  biburl    = {http://dblp.uni-trier.de/rec/bib/conf/cav/KaiserKW10},
  bibsource = {dblp computer science bibliography, http://dblp.org}
}

@InProceedings{Clarke08,
  author = 	 {E. M. Clarke and M. Talapur and H. Veith},
  title = 	 {Proving Ptolemy Right: The Environment Abstraction Framework for Model Checking Concurrent Systems},
  booktitle = {TACAS},
  pages = 	 {33-47},
  year = 	 2008,
	series = {LNCS},
	volume = 4963,
	publisher = {Springer}
}



@InProceedings{Emerso96b,
  author = 	 {E. A. Emerson and K. Namjoshi},
  title = 	 {Automatic Verification of Parameterized Synchronous Systems},
  booktitle = CAV,
  pages = 	 {87-98},
  year = 	 1996}



@article{AJK15,
  author    = {Simon Au{\ss}erlechner and
               Swen Jacobs and
               Ayrat Khalimov},
  title     = {Tight Cutoffs for Guarded Protocols with Fairness},
  journal   = {CoRR},
  volume    = {abs/1505.03273},
  year      = {2015},
  url       = {http://arxiv.org/abs/1505.03273},
  timestamp = {Mon, 01 Jun 2015 14:13:54 +0200},
  biburl    = {http://dblp.uni-trier.de/rec/bib/journals/corr/AusserlechnerJK15},
  bibsource = {dblp computer science bibliography, http://dblp.org}
}

@inproceedings{EmersonN98,
  author    = {Emerson, E. Allen  and
               Namjoshi, Kedar S. },
  title     = {On Model Checking for Non-Deterministic 
Infinite-State Systems},
  booktitle = {LICS},
  year      = {1998},
  publisher = {IEEE Computer Society},
  pages     = {70--80}
}

@inproceedings{EmersonK03,
  author    = {Emerson, E. A. and Kahlon, V.},
  title     = {Model Checking Guarded Protocols},
  booktitle = {LICS},
  year      = {2003},
  publisher = {IEEE Computer Society},
  pages     = {361-370},
  ee        = {http://doi.ieeecomputersociety.org/10.1109/LICS.2003.1210076},
  bibsource = {DBLP, http://dblp.uni-trier.de}
}



@inproceedings{EmersonK00,
  author    = {E. Allen Emerson and
               Vineet Kahlon},
  title     = {Reducing Model Checking of the Many to the Few},
  booktitle = {CADE},
  year      = {2000},
  publisher = {Springer},
  series    = {LNCS},
  volume    = {1831},
  pages     = {236-254},
  ee        = {http://dx.doi.org/10.1007/10721959_19},
  bibsource = {DBLP, http://dblp.uni-trier.de}
}

@article{Schewe13,
  author    = {S. Schewe},
  title     = {Distributed synthesis is simply undecidable},
  journal   = {Inf. Process. Lett.},
  volume    = {114},
  number    = {4},
  year      = {2014},
  pages     = {203-207},
  ee        = {http://dx.doi.org/10.1016/j.ipl.2013.11.012},
  bibsource = {DBLP, http://dblp.uni-trier.de}
}

@inproceedings{Emerson90,
 author = {Emerson, E. A. and Srinivasan, J.},
 title = {A Decidable Temporal Logic to Reason About Many Processes},
 booktitle = {PODC},
 year = {1990},
 isbn = {0-89791-404-X},
 location = {Quebec City, Quebec, Canada},
 pages = {233--246},
 numpages = {14},
 url = {http://doi.acm.org/10.1145/93385.93425},
 doi = {10.1145/93385.93425},
 acmid = {93425},
 publisher = {ACM},
 address = {New York, NY, USA},
} 

@article{Attie98,
 author = {Attie, P. C. and Emerson, E. A.},
 title = {Synthesis of Concurrent Systems with Many Similar Processes},
 journal = {ACM Trans. Program. Lang. Syst.},
 issue_date = {Jan. 1998},
 volume = {20},
 number = {1},
 month = jan,
 year = {1998},
 issn = {0164-0925},
 pages = {51--115},
 numpages = {65},
 url = {http://doi.acm.org/10.1145/271510.271519},
 doi = {10.1145/271510.271519},
 acmid = {271519},
 publisher = {ACM},
 address = {New York, NY, USA},
 keywords = {concurrent programs, program synthesis, temporal logic},
} 

@inproceedings{AJKR14,
  author    = {B. Aminof and
               S. Jacobs and
               A. Khalimov and
               S. Rubin},
  title     = {Parameterized Model Checking of Token-Passing Systems},
  booktitle = {VMCAI},
  year      = {2014},
  publisher = {Springer},
  series    = {LNCS},
  volume    = {8318},
  pages     = {262-281},
  ee        = {http://dx.doi.org/10.1007/978-3-642-54013-4_15},
  bibsource = {DBLP, http://dblp.uni-trier.de}
}

@article{Bloem12,
  author    = {R. Bloem and
               B. Jobstmann and
               N. Piterman and
               A. Pnueli and
               Y. Sa'ar},
  title     = {Synthesis of Reactive(1) designs},
  journal   = {J. Comput. Syst. Sci.},
  volume    = {78},
  number    = {3},
  year      = {2012},
  pages     = {911-938},
  ee        = {http://dx.doi.org/10.1016/j.jcss.2011.08.007},
  bibsource = {DBLP, http://dblp.uni-trier.de}
}

@incollection{Pnueli02,
year={2002},
isbn={978-3-540-43997-4},
booktitle={CAV},
volume={2404},
series={LNCS},
doi={10.1007/3-540-45657-0_9},
title={Liveness with (0,1,$\infty$)- Counter Abstraction},
url={http://dx.doi.org/10.1007/3-540-45657-0_9},
publisher={Springer},
author={Pnueli, A. and Xu, J. and Zuck, L.},
pages={107-122},
language={English}
}

@inproceedings{Pnueli01,
year={2001},
isbn={978-3-540-41865-8},
booktitle={TACAS},
volume={2031},
series={LNCS},
doi={10.1007/3-540-45319-9_7},
title={Automatic Deductive Verification with Invisible Invariants},
url={http://dx.doi.org/10.1007/3-540-45319-9_7},
publisher={Springer},
author={Pnueli, A. and Ruah, S. and Zuck, L.},
pages={82-97},
language={English}
}

@inproceedings{Bouajjani00,
year={2000},
isbn={978-3-540-67770-3},
booktitle={CAV},
volume={1855},
series={LNCS},
doi={10.1007/10722167_31},
title={Regular Model Checking},
url={http://dx.doi.org/10.1007/10722167_31},
publisher={Springer},
author={Bouajjani, A. and Jonsson, B. and Nilsson, M. and Touili, T.},
pages={403-418}
}

@article{Abdulla12,
year={2012},
issn={1433-2779},
journal={STTT},
volume={14},
number={2},
doi={10.1007/s10009-011-0216-8},
title={Regular model checking},
url={http://dx.doi.org/10.1007/s10009-011-0216-8},
publisher={Springer},
keywords={Program verification; Model checking; Regular languages},
author={Abdulla, P. A.},
pages={109-118},
language={English}
}

@article{Bouajjani08,
year={2008},
issn={0925-9856},
journal={Formal Methods in System Design},
volume={32},
number={2},
doi={10.1007/s10703-008-0048-7},
title={Verification of parametric concurrent systems with prioritised {FIFO} resource management},
url={http://dx.doi.org/10.1007/s10703-008-0048-7},
publisher={Springer US},
keywords={Formal verification; Parameterised verification; Infinite-state system verification; Cut off; Model checking; Parameterised networks of processes; Resource sharing},
author={Bouajjani, A. and Habermehl, P. and Vojnar, T.},
pages={129-172},
language={English}
}

@inproceedings{Emerson03,
year={2003},
isbn={978-3-540-20363-6},
booktitle={CHARME},
volume={2860},
series={LNCS},
doi={10.1007/978-3-540-39724-3_22},
title={Exact and Efficient Verification of Parameterized Cache Coherence Protocols},
publisher={Springer},
author={Emerson, E. A. and Kahlon, V.},
pages={247-262}
}


@inproceedings{Bohy12,
year={2012},
isbn={978-3-642-31423-0},
booktitle={CAV},
volume={7358},
series={LNCS},
doi={10.1007/978-3-642-31424-7_45},
title={Acacia+, a Tool for {LTL} Synthesis},
publisher={Springer},
keywords={Church problem; LTL synthesis; antichains; safety games; Moore machines},
author={Bohy, A. and Bruyère, V. and Filiot, E. and Jin, N. and Raskin, J.-F.},
pages={652-657}
}


@inproceedings{Khalimov13,
author = {A. Khalimov and S. Jacobs and R. Bloem},
title = {Towards Efficient Parameterized Synthesis},
booktitle = {VMCAI},
  publisher = {Springer},
  volume    = {7737},
  series    = {LNCS},
  pages     = {108-127},
year = {2013}
}

@inproceedings{Emerson04,
   author = {Emerson, E. A. and Kahlon, V.},
   title = {Parameterized Model Checking of Ring-Based Message Passing Systems},
   booktitle = {CSL},
   series = {LNCS},
   pages = {325-339},
   volume = {3210},
   url = {http://dx.doi.org/10.1007/978-3-540-30124-0_26},
   year = {2004},
	publisher = {Springer}
}

@thesis{Vojnar07,
  author		= {T. Vojnar},
	title			= {Cut-Offs and Automata in Formal Verification of Infinite-State Systems},
	year			= {2007},
	school		= {Brno University of Technology},
	note   		= {Habilitation thesis}
	}

@inproceedings{JB12,
  author    = {S. Jacobs and R. Bloem},
  title     = {Parameterized Synthesis},
  booktitle = {TACAS},
  year      = {2012},
	volume		= {7214},
  pages     = {362-376},
  ee        = {http://dx.doi.org/10.1007/978-3-642-28756-5_25},
	series  	= {LNCS},
	publisher = {Springer}
}


@inproceedings{Finkbeiner12,
  author    = {B. Finkbeiner and
               S. Jacobs},
  title     = {Lazy Synthesis},
  booktitle = {VMCAI},
  year      = {2012},
	volume		= {7148},
  pages     = {219-234},
  ee        = {http://dx.doi.org/10.1007/978-3-642-27940-9_15},
	series  	= {LNCS},
	publisher = {Springer}
}

@article{Zuck04,
  author    = {L. D. Zuck and
               A. Pnueli},
  title     = {Model checking and abstraction to the aid of parameterized
               systems (a survey)},
  journal   = {Computer Languages, Systems {\&} Structures},
  volume    = {30},
  number    = {3-4},
  year      = {2004},
  pages     = {139-169},
  ee        = {http://dx.doi.org/10.1016/j.cl.2004.02.006},
  bibsource = {DBLP, http://dblp.uni-trier.de}
}

@inproceedings{Katz09,
  author    = {G. Katz and
               D. Peled},
  title     = {Synthesizing Solutions to the Leader Election Problem Using
               Model Checking and Genetic Programming},
  booktitle = {HVC},
  year      = {2009},
  pages     = {117-132},
  ee        = {http://dx.doi.org/10.1007/978-3-642-19237-1_13},
  crossref  = {DBLP:conf/hvc/2009},
  bibsource = {DBLP, http://dblp.uni-trier.de},
  publisher = {Springer},
  series    = {LNCS},
  volume    = {6405}
}

@proceedings{DBLP:conf/hvc/2009,
  editor    = {Kedar S. Namjoshi and
               Andreas Zeller and
               Avi Ziv},
  title     = {Hardware and Software: Verification and Testing - 5th International
               Haifa Verification Conference, HVC 2009, Haifa, Israel,
               October 19-22, 2009, Revised Selected Papers},
  booktitle = {Haifa Verification Conference},
  publisher = {Springer},
  series    = {Lecture Notes in Computer Science},
  volume    = {6405},
  year      = {2011},
  isbn      = {978-3-642-19236-4},
  ee        = {http://dx.doi.org/10.1007/978-3-642-19237-1},
  bibsource = {DBLP, http://dblp.uni-trier.de}
}

@inproceedings{Hanna09,
  author    = {Y. Hanna and
               S. Basu and
               H. Rajan},
  title     = {Behavioral automata composition for automatic topology independent
               verification of parameterized systems},
  booktitle = {ESEC/SIGSOFT FSE},
  year      = {2009},
  pages     = {325-334},
  ee        = {http://doi.acm.org/10.1145/1595696.1595758},
  crossref  = {DBLP:conf/sigsoft/2009},
  bibsource = {DBLP, http://dblp.uni-trier.de},
  publisher = {ACM}
}

@inproceedings{Kaiser10,
  author    = {A. Kaiser and
               D. Kroening and
               T. Wahl},
  title     = {Dynamic Cutoff Detection in Parameterized Concurrent Programs},
  booktitle = {CAV},
  year      = {2010},
  pages     = {645-659},
  ee        = {http://dx.doi.org/10.1007/978-3-642-14295-6_55},
  crossref  = {DBLP:conf/cav/2010},
  bibsource = {DBLP, http://dblp.uni-trier.de},
  series    = {LNCS},
	publisher={Springer},
  volume    = {6174}
}

@inproceedings{Kahlon05,
  author    = {V. Kahlon and
               F. Ivancic and
               A. Gupta},
  title     = {Reasoning About Threads Communicating via Locks},
  booktitle = {CAV},
  year      = {2005},
  pages     = {505-518},
  ee        = {http://dx.doi.org/10.1007/11513988_49},
  crossref  = {DBLP:conf/cav/2005},
  bibsource = {DBLP, http://dblp.uni-trier.de},
	series = {LNCS},
	volume = 3576,
	publisher = {Springer}
}

@article{Clarke97,
  author    = {E. M. Clarke and
               O. Grumberg and
               S. Jha},
  title     = {Verifying Parameterized Networks},
  journal   = {ACM Trans. Program. Lang. Syst.},
  volume    = {19},
  number    = {5},
  year      = {1997},
  pages     = {726-750},
  ee        = {http://doi.acm.org/10.1145/265943.265960},
  bibsource = {DBLP, http://dblp.uni-trier.de}
}

@article{Kurshan95,
  author    = {R. P. Kurshan and
               K. L. McMillan},
  title     = {A Structural Induction Theorem for Processes},
  journal   = {Inf. and Comp.},
  volume    = {117},
  number    = {1},
  year      = {1995},
  pages     = {1-11},
  ee        = {http://dx.doi.org/10.1006/inco.1995.1024},
  bibsource = {DBLP, http://dblp.uni-trier.de}
}

@article{Abdulla09,
  author    = {P. A. Abdulla and
               Giorgio Delzanno and
               Noomene Ben Henda and
               Ahmed Rezine},
  title     = {Monotonic Abstraction: on Efficient Verification of Parameterized
               Systems},
  journal   = {Int. J. Found. Comput. Sci.},
  volume    = {20},
  number    = {5},
  year      = {2009},
  pages     = {779-801},
  ee        = {http://dx.doi.org/10.1142/S0129054109006887},
  bibsource = {DBLP, http://dblp.uni-trier.de}
}

@article{German92,
  author    = {S. M. German and
               A. P. Sistla},
  title     = {Reasoning about Systems with Many Processes},
  journal   = {J. ACM},
  volume    = {39},
  number    = {3},
  year      = {1992},
  pages     = {675-735},
  ee        = {http://doi.acm.org/10.1145/146637.146681},
  bibsource = {DBLP, http://dblp.uni-trier.de}
}

@inproceedings{Emerson00,
  author    = {E. A. Emerson and
               V. Kahlon},
  title     = {Reducing Model Checking of the Many to the Few},
  booktitle = {CADE},
  year      = {2000},
  pages     = {236-254},
  ee        = {http://dx.doi.org/10.1007/10721959_19},
  bibsource = {DBLP, http://dblp.uni-trier.de},
	series = {LNCS},
	volume = 1831,
	publisher = {Springer}
}

@Article{Emerso03,
  author =       {E. A. Emerson and K. S. Namjoshi},
  title =        {On Reasoning about Rings},
  journal =      {Foundations of Computer Science},
  year =         2003,
  volume =       14,
  pages =        {527-549}}

@InProceedings{Schewe06,
  author	= "S. Schewe and B. Finkbeiner",
  title		= "Synthesis of Asynchronous Systems",
  booktitle	= "LOPSTR",
  year		= 2006,
  volume	= {4407},
  series 	= "LNCS",
  pages		= "127--142",
  publisher 	= {Springer}
}

@InProceedings{Finkbeiner05,
  author	= "B. Finkbeiner and S. Schewe",
  title		= "Uniform Distributed Synthesis",
  booktitle	= "LICS",
  pages         = "321--330",
  year 		= 2005,
  publisher 	= {IEEE Computer Society Press}
}


@InProceedings{Moura08,
  author = 	 {De Moura, L. and Bj{\o}rner, N.},
  title = 	 {Z3: An Efficient {SMT} Solver},
  booktitle =    {TACAS},
  pages = 	 {337-340},
  year = 	 2008,
	series = {LNCS},
	volume = 4963,
	publisher = {Springer}
}


@Article{Suzuki88,
  author = 	 {I. Suzuki},
  title = 	 {Proving Properties of a Ring of Finite State Machines},
  journal = 	 {Inf. Process. Lett.},
  year = 	 1988,
  volume = 	 28,
	number = 4,
  pages = 	 {213-214}}

@InProceedings{Emerso95b,
  author = 	 {E. A. Emerson and K. S. Namjoshi},
  title = 	 {Reasoning about Rings},
  booktitle = {Proc.\ Principles of Programming Languages},
  pages = 	 {85-94},
  year = 	 1995
}

@InProceedings{Clarke04c,
  author = {E. M. Clarke and M. Talupur and T. Touili and H. Veith},
  title = {Verification by Network Decomposition},
  year  = {2004},
  booktitle = {CONCUR},
  pages = {276-291},
	series = {LNCS},
	volume = {3170},
	publisher = {Springer}
}


@inproceedings{ES94,
author    = {E. Allen Emerson and
                 A. Prasad Sistla},
title     = {Symmetry and Model Checking},
booktitle = {CAV},
year      = {1993},
pages     = {463-478},
}

@article{DBLP:journals/toplas/ClarkeES86,
  author    = {Edmund M. Clarke and
               E. Allen Emerson and
               A. Prasad Sistla},
  title     = {Automatic Verification of Finite-State Concurrent Systems Using Temporal
               Logic Specifications},
  journal   = {{ACM} Trans. Program. Lang. Syst.},
  volume    = {8},
  number    = {2},
  pages     = {244--263},
  year      = {1986},
  url       = {http://doi.acm.org/10.1145/5397.5399},
  doi       = {10.1145/5397.5399},
  timestamp = {Mon, 03 Apr 2006 11:19:30 +0200},
  biburl    = {http://dblp.uni-trier.de/rec/bib/journals/toplas/ClarkeES86},
  bibsource = {dblp computer science bibliography, http://dblp.org}
}



@inproceedings{DBLP:conf/focs/PnueliR90,
  author    = {Amir Pnueli and
               Roni Rosner},
  title     = {Distributed Reactive Systems Are Hard to Synthesize},
  booktitle = {31st Annual Symposium on Foundations of Computer Science, St. Louis,
               Missouri, USA, October 22-24, 1990, Volume {II}},
  pages     = {746--757},
  year      = {1990},
  crossref  = {DBLP:conf/focs/FOCS31b},
  url       = {http://dx.doi.org/10.1109/FSCS.1990.89597},
  doi       = {10.1109/FSCS.1990.89597},
  timestamp = {Mon, 15 Jun 2015 19:00:07 +0200},
  biburl    = {http://dblp.uni-trier.de/rec/bib/conf/focs/PnueliR90},
  bibsource = {dblp computer science bibliography, http://dblp.org}
}

@proceedings{DBLP:conf/focs/FOCS31b,
  title     = {31st Annual Symposium on Foundations of Computer Science, St. Louis,
               Missouri, USA, October 22-24, 1990, Volume {II}},
  publisher = {{IEEE} Computer Society},
  year      = {1990},
  url       = {http://ieeexplore.ieee.org/xpl/mostRecentIssue.jsp?punumber=310},
  timestamp = {Mon, 15 Jun 2015 19:00:07 +0200},
  biburl    = {http://dblp.uni-trier.de/rec/bib/conf/focs/FOCS31b},
  bibsource = {dblp computer science bibliography, http://dblp.org}
}



@inproceedings{DBLP:conf/lop/MannaW81,
  author    = {Zohar Manna and
               Pierre Wolper},
  title     = {Synthesis of Communicating Processes from Temporal Logic Specifications},
  booktitle = {Logics of Programs, Workshop, Yorktown Heights, New York, May 1981},
  pages     = {253--281},
  year      = {1981},
  crossref  = {DBLP:conf/lop/1981},
  url       = {http://dx.doi.org/10.1007/BFb0025786},
  doi       = {10.1007/BFb0025786},
  timestamp = {Fri, 10 Jun 2011 14:41:12 +0200},
  biburl    = {http://dblp.uni-trier.de/rec/bib/conf/lop/MannaW81},
  bibsource = {dblp computer science bibliography, http://dblp.org}
}

@proceedings{DBLP:conf/lop/1981,
  editor    = {Dexter Kozen},
  title     = {Logics of Programs, Workshop, Yorktown Heights, New York, May 1981},
  series    = {Lecture Notes in Computer Science},
  volume    = {131},
  publisher = {Springer},
  year      = {1982},
  isbn      = {3-540-11212-X},
  timestamp = {Tue, 18 Jul 2006 07:21:45 +0200},
  biburl    = {http://dblp.uni-trier.de/rec/bib/conf/lop/1981},
  bibsource = {dblp computer science bibliography, http://dblp.org}
}



@inproceedings{DBLP:conf/focs/WolperVS83,
  author    = {Pierre Wolper and
               Moshe Y. Vardi and
               A. Prasad Sistla},
  title     = {Reasoning about Infinite Computation Paths (Extended Abstract)},
  booktitle = {24th Annual Symposium on Foundations of Computer Science, Tucson,
               Arizona, USA, 7-9 November 1983},
  pages     = {185--194},
  year      = {1983},
  crossref  = {DBLP:conf/focs/FOCS24},
  url       = {http://dx.doi.org/10.1109/SFCS.1983.51},
  doi       = {10.1109/SFCS.1983.51},
  timestamp = {Tue, 16 Dec 2014 09:57:24 +0100},
  biburl    = {http://dblp.uni-trier.de/rec/bib/conf/focs/WolperVS83},
  bibsource = {dblp computer science bibliography, http://dblp.org}
}

@proceedings{DBLP:conf/focs/FOCS24,
  title     = {24th Annual Symposium on Foundations of Computer Science, Tucson,
               Arizona, USA, 7-9 November 1983},
  publisher = {{IEEE} Computer Society},
  year      = {1983},
  url       = {http://ieeexplore.ieee.org/xpl/mostRecentIssue.jsp?punumber=4568048},
  isbn      = {0-8186-0508-1},
  timestamp = {Mon, 15 Dec 2014 18:48:45 +0100},
  biburl    = {http://dblp.uni-trier.de/rec/bib/conf/focs/FOCS24},
  bibsource = {dblp computer science bibliography, http://dblp.org}
}



@inproceedings{KupfermanV05,
  author    = {O. Kupferman and
               M. Y. Vardi},
  title     = {Safraless Decision Procedures},
  booktitle = {FOCS},
  year      = {2005},
  pages     = {531-542},
}

@InProceedings{bounded-pctl,
  author =	{Nathalie Bertrand and John Fearnley and Sven Schewe},
  title =	{{Bounded Satisfiability for PCTL}},
  booktitle =	{CSL},
  pages =	{92--106},
  series =	{LIPICS},
  ISBN =	{978-3-939897-42-2},
  ISSN =	{1868-8969},
  year =	{2012},
  volume =	{16},
  editor =	{Patrick C{\'e}gielski and Arnaud Durand},
  publisher =	{Schloss Dagstuhl--Leibniz-Zentrum fuer Informatik},
  address =	{Dagstuhl, Germany},
  URL =		{http://drops.dagstuhl.de/opus/volltexte/2012/3666},
  doi =		{10.4230/LIPIcs.CSL.2012.92}
}

@inproceedings{Bloem2015,
author="Bloem, Roderick
and Chatterjee, Krishnendu
and Jacobs, Swen
and K{\"o}nighofer, Robert",
editor="Baier, Christel
and Tinelli, Cesare",
title="Assume-Guarantee Synthesis for Concurrent Reactive Programs with Partial Information",
bookTitle="TACAS",
year="2015",
publisher="Springer Berlin Heidelberg",
address="Berlin, Heidelberg",
pages="517--532",
isbn="978-3-662-46681-0",
doi="10.1007/978-3-662-46681-0_50",
url="http://dx.doi.org/10.1007/978-3-662-46681-0_50"
}

@inproceedings{Nico,
  author    = {Roderick Bloem and
               Nicolas Braud-Santoni and
               Swen Jacobs},
  title     = {Synthesis of Self-Stabilising and Byzantine-Resilient Distributed Systems},
  booktitle = {CAV},
  pages     = {157--176},
  year      = {2016},
  crossref  = {DBLP:conf/cav/2016-1},
  url       = {http://dx.doi.org/10.1007/978-3-319-41528-4_9},
  doi       = {10.1007/978-3-319-41528-4_9},
  timestamp = {Wed, 13 Jul 2016 09:36:42 +0200},
  biburl    = {http://dblp.uni-trier.de/rec/bib/conf/cav/BloemBJ16},
  bibsource = {dblp computer science bibliography, http://dblp.org}
}

@proceedings{DBLP:conf/cav/2016-1,
  editor    = {Swarat Chaudhuri and
               Azadeh Farzan},
  title     = {Computer Aided Verification - 28th International Conference, {CAV}
               2016, Toronto, ON, Canada, July 17-23, 2016, Proceedings, Part {I}},
  series    = {Lecture Notes in Computer Science},
  volume    = {9779},
  publisher = {Springer},
  year      = {2016},
  url       = {http://dx.doi.org/10.1007/978-3-319-41528-4},
  doi       = {10.1007/978-3-319-41528-4},
  isbn      = {978-3-319-41527-7},
  timestamp = {Wed, 13 Jul 2016 09:31:03 +0200},
  biburl    = {http://dblp.uni-trier.de/rec/bib/conf/cav/2016-1},
  bibsource = {dblp computer science bibliography, http://dblp.org}
}


@inproceedings{LTL3BA,
  author    = {Tom{\'a}s Babiak and
               Mojm\'{\i}r Kret\'{\i}nsk{\'y} and
               Vojtech Reh{\'a}k and
               Jan Strejcek},
  title     = {{LTL} to {B\"u}chi Automata Translation: Fast and More Deterministic},
  booktitle = {TACAS},
  year      = {2012},
  publisher = {Springer},
  series    = {LNCS},
  volume    = {7214},
  pages     = {95-109},
  doi       = {10.1007/978-3-642-28756-5\_8},
  bibsource = {DBLP, http://dblp.uni-trier.de}
}


@article{DBLP:journals/iandc/VardiW94,
  author    = {Moshe Y. Vardi and
               Pierre Wolper},
  title     = {Reasoning About Infinite Computations},
  journal   = {Inf. Comput.},
  volume    = {115},
  number    = {1},
  pages     = {1--37},
  year      = {1994},
  url       = {http://dx.doi.org/10.1006/inco.1994.1092},
  doi       = {10.1006/inco.1994.1092},
  timestamp = {Wed, 06 Jul 2011 21:23:56 +0200},
  biburl    = {http://dblp.uni-trier.de/rec/bib/journals/iandc/VardiW94},
  bibsource = {dblp computer science bibliography, http://dblp.org}
}


@inproceedings{Nir06,
  author    = {Nir Piterman and Amir Pnueli},
  title     = {Faster Solutions of {Rabin} and {Streett} Games},
  booktitle = {21th {IEEE} Symposium on Logic in Computer Science {(LICS} 2006),
               12-15 August 2006, Seattle, WA, USA, Proceedings},
  pages     = {275--284},
  year      = 2006,
  url       = {http://dx.doi.org/10.1109/LICS.2006.23},
  doi       = {10.1109/LICS.2006.23},
  timestamp = {Sat, 22 Nov 2014 13:44:47 +0100},
  biburl    = {http://dblp.uni-trier.de/rec/bib/conf/lics/PitermanP06},
  bibsource = {dblp computer science bibliography, http://dblp.org}
}

@inproceedings{VacSy,
author="Bloem, Roderick
and Chockler, Hana
and Ebrahimi, Masoud
and Strichman, Ofer",
editor="Bouajjani, Ahmed
and Monniaux, David",
title="Synthesizing Non-Vacuous Systems",
bookTitle="VMCAI",
year="2017",
publisher="Springer International Publishing",
address="Cham",
pages="55--72",
isbn="978-3-319-52234-0",
doi="10.1007/978-3-319-52234-0_4",
url="http://dx.doi.org/10.1007/978-3-319-52234-0_4"
}

@article{RybHornSynth,
 author = {Beyene, Tewodros and Chaudhuri, Swarat and Popeea, Corneliu and Rybalchenko, Andrey},
 title = {A Constraint-based Approach to Solving Games on Infinite Graphs},
 journal = {SIGPLAN Not.},
 issue_date = {January 2014},
 volume = {49},
 number = {1},
 month = jan,
 year = {2014},
 issn = {0362-1340},
 pages = {221--233},
 numpages = {13},
 url = {http://doi.acm.org/10.1145/2578855.2535860},
 doi = {10.1145/2578855.2535860},
 acmid = {2535860},
 publisher = {ACM},
 address = {New York, NY, USA},
 keywords = {games, horn clauses, program synthesis, proof rules, reactive synthesis, static analysis},
} 



@incollection{CTLsynt-via-LTLsynt,
  author =       {Roderick Bloem and Sven Schewe and Ayrat Khalimov},
  title =        {{CTL*} Synthesis via {LTL} Synthesis},
  year  =        {2017},
  booktitle =    {SYNT Workshop},
  publisher =    {EPTCS},
}


@Inproceedings{Schewe/09/determinise,
  author =       {Sven Schewe},
  title =        "Tighter Bounds for the Determinisation of {B\"u}chi Automata",
  booktitle	= "Proceedings of the Twelfth International Conference on Foundations of Software Science and Computation Structures (FoSSaCS 2009), 22--29 March, York, England, UK",
  year 		= "2009",
  publisher	= "Springer-Verlag",
  series 	= "Lecture Notes in Computer Science",
  volume	= {5504},
  pages		= {167--181},
}

@inproceedings{DBLP:conf/stoc/CaludeJKL017,
  author    = {Cristian S. Calude and
               Sanjay Jain and
               Bakhadyr Khoussainov and
               Wei Li and
               Frank Stephan},
  title     = {Deciding parity games in quasipolynomial time},
  booktitle = {Proceedings of the 49th Annual {ACM} {SIGACT} Symposium on Theory
               of Computing, {STOC} 2017, Montreal, QC, Canada, June 19-23, 2017},
  pages     = {252--263},
  year      = {2017},
  crossref  = {DBLP:conf/stoc/2017},
  url       = {http://doi.acm.org/10.1145/3055399.3055409},
  doi       = {10.1145/3055399.3055409},
  timestamp = {Wed, 05 Jul 2017 08:56:40 +0200},
  biburl    = {http://dblp.uni-trier.de/rec/bib/conf/stoc/CaludeJKL017},
  bibsource = {dblp computer science bibliography, http://dblp.org}
}

@proceedings{DBLP:conf/stoc/2017,
  editor    = {Hamed Hatami and
               Pierre McKenzie and
               Valerie King},
  title     = {Proceedings of the 49th Annual {ACM} {SIGACT} Symposium on Theory
               of Computing, {STOC} 2017, Montreal, QC, Canada, June 19-23, 2017},
  publisher = {{ACM}},
  year      = {2017},
  url       = {http://doi.acm.org/10.1145/3055399},
  doi       = {10.1145/3055399},
  isbn      = {978-1-4503-4528-6},
  timestamp = {Sat, 17 Jun 2017 18:46:21 +0200},
  biburl    = {http://dblp.uni-trier.de/rec/bib/conf/stoc/2017},
  bibsource = {dblp computer science bibliography, http://dblp.org}
}

@InProceedings{Schewe+Varghese/12/generalisedBuchi,
  author =       {Sven Schewe and Thomas Varghese},
  title =        {Tight Bounds for the Determinisation and Complementation of Generalised {B\"u}chi Automata},
  booktitle	= "Proceedings of the 10th International Symposium on Automated Technology for Verification and Analysis (ATVA 2012), 3--6 October, Thiruvananthapuram, Kerala, India",
  volume	= {7561},
  pages   	= {42--56},
  publisher	= "Springer-Verlag",
  series 	= "Lecture Notes in Computer Science",
  year 		= 2012
}

@inproceedings{pnueli1977temporal,
  title={The temporal logic of programs},
  author={Pnueli, Amir},
  booktitle={Foundations of Computer Science, 1977., 18th Annual Symposium on},
  pages={46--57},
  year={1977},
  organization={IEEE}
}

@incollection{Church63,
   author =    {Alonzo Church},
   title =     {Logic, arithmetic, and automata},
   booktitle = {International Congress of Mathematicians (Stockholm, 1962)},
   pages =     {23--35},
   publisher = {Institute Mittag-Leffler},
   address =   {Djursholm},
   year =      {1963},
}

@article{EJ99,
 author = {Emerson, E. Allen and Jutla, Charanjit S.},
 title = {The Complexity of Tree Automata and Logics of Programs},
 journal = {SIAM J. Comput.},
 issue_date = {Feb. 2000},
 volume = {29},
 number = {1},
 month = sep,
 year = {1999},
 issn = {0097-5397},
 pages = {132--158},
 numpages = {27},
 url = {http://dx.doi.org/10.1137/S0097539793304741},
 doi = {10.1137/S0097539793304741},
 acmid = {330364},
 publisher = {Society for Industrial and Applied Mathematics},
 address = {Philadelphia, PA, USA},
 keywords = {complexity, games, logics of programs, tree automata},
} 

@article{ES84,
title = "Deciding full branching time logic",
journal = "Information and Control",
volume = "61",
number = "3",
pages = "175 - 201",
year = "1984",
note = "",
issn = "0019-9958",
doi = "http://dx.doi.org/10.1016/S0019-9958(84)80047-9",
url = "http://www.sciencedirect.com/science/article/pii/S0019995884800479",
author = "E. Allen Emerson and A. Prasad Sistla"
}

@inproceedings{FLL10,
 author = {Friedmann, Oliver and Latte, Markus and Lange, Martin},
 title = {A Decision Procedure for CTL* Based on Tableaux and Automata},
 booktitle = {Proceedings of the 5th International Conference on Automated Reasoning},
 series = {IJCAR'10},
 year = {2010},
 isbn = {3-642-14202-8, 978-3-642-14202-4},
 location = {Edinburgh, UK},
 pages = {331--345},
 numpages = {15},
 url = {http://dx.doi.org/10.1007/978-3-642-14203-1_28},
 doi = {10.1007/978-3-642-14203-1_28},
 acmid = {2176706},
 publisher = {Springer-Verlag},
 address = {Berlin, Heidelberg},
} 

@article{MS95,
  title={Simulating alternating tree automata by nondeterministic automata: New results and new proofs of the theorems of Rabin, McNaughton and Safra},
  author={Muller, David E and Schupp, Paul E},
  journal={Theoretical Computer Science},
  volume={141},
  number={1-2},
  pages={69--107},
  year={1995},
  publisher={Elsevier}
}

@article{Rab70,
  title={Weakly definable relations and special automata},
  author={Rabin, Michael O},
  journal={Studies in Logic and the Foundations of Mathematics},
  volume={59},
  pages={1--23},
  year={1970},
  publisher={Elsevier}
}

@inproceedings{LTL-vs-CTL,
  title={Branching vs. linear time: Final showdown},
  author={Vardi, Moshe Y},
  booktitle={TACAS},
  volume={1},
  pages={1--22},
  year={2001},
  organization={Springer}
}

@incollection{informatioxxThereIsAJournalVersion,
  title={Synthesis with Incomplete Informatio},
  author={Kupferman, Orna and Vardit, Moshe Y},
  booktitle={Advances in Temporal Logic},
  pages={109--127},
  year={2000},
  publisher={Springer},
  doi={10.1007/978-94-015-9586-5_6},
}

@misc{syntcomp,
  title = {{SYNTCOMP}},
  howpublished = "\url{http://www.syntcomp.org/}",
  year = {2017}, 
  key={1},
}

@article{ctlstar-origin,
 author = {Emerson, E. Allen and Halpern, Joseph Y.},
 title = {{`Sometimes' and `Not Never' Revisited: On Branching versus Linear Time Temporal Logic}},
 journal = {J. ACM},
 issue_date = {Jan. 1986},
 volume = {33},
 number = {1},
 month = jan,
 year = {1986},
 issn = {0004-5411},
 pages = {151--178},
 numpages = {28},
 url = {http://doi.acm.org/10.1145/4904.4999},
 doi = {10.1145/4904.4999},
 acmid = {4999},
 publisher = {ACM},
 address = {New York, NY, USA},
} 

@inproceedings{ctl-origin,
  title={Design and synthesis of synchronization skeletons using branching time temporal logic},
  author={Clarke, Edmund M and Emerson, E Allen},
  booktitle={Workshop on Logic of Programs},
  pages={52--71},
  year={1981},
  organization={Springer}
}

@phdthesis{RosnerThesis,
  title={Modular synthesis of reactive systems},
  author={Rosner, Roni},
  year={1992},
  school={PhD thesis, Weizmann Institute of Science}
}

@phdthesis{ScheweThesis,
  author    = {Sven Schewe},
  title     = {Synthesis of distributed systems},
  school    = {Saarland University, Saarbr{\"{u}}cken, Germany},
  year      = {2008},
  url       = {http://react.cs.uni-sb.de/publications/S08c.html},
  urn       = {urn:nbn:de:bsz:291-scidok-20459},
  timestamp = {Tue, 06 Dec 2016 14:05:13 +0100},
  biburl    = {http://dblp.uni-trier.de/rec/bib/books/daglib/0023286},
  bibsource = {dblp computer science bibliography, http://dblp.org}
}

@inproceedings{ATLSatisfiability,
 author = {Schewe, Sven},
 title = {{ATL*} Satisfiability Is 2EXPTIME-Complete},
 booktitle = {Proceedings of the 35th International Colloquium on Automata, Languages and Programming, Part II},
 series = {ICALP '08},
 year = {2008},
 isbn = {978-3-540-70582-6},
 location = {Reykjavik, Iceland},
 pages = {373--385},
 numpages = {13},
 url = {http://dx.doi.org/10.1007/978-3-540-70583-3_31},
 doi = {10.1007/978-3-540-70583-3_31},
 acmid = {1428027},
 publisher = {Springer-Verlag},
 address = {Berlin, Heidelberg},
} 

@inproceedings{CTLstarCAV,
  author    = {Ayrat Khalimov and
               Roderick Bloem},
  title     = {Bounded Synthesis for Streett, Rabin, and CTL{*}},
  booktitle = {Computer Aided Verification - 29th International Conference, {CAV}
               2017, Heidelberg, Germany, July 24-28, 2017, Proceedings, Part {II}},
  pages     = {333--352},
  year      = {2017},
  crossref  = {DBLP:conf/cav/2017-2},
  url       = {https://doi.org/10.1007/978-3-319-63390-9_18},
  doi       = {10.1007/978-3-319-63390-9_18},
  timestamp = {Fri, 14 Jul 2017 13:10:55 +0200},
  biburl    = {http://dblp.org/rec/bib/conf/cav/KhalimovB17},
  bibsource = {dblp computer science bibliography, http://dblp.org}
}

@proceedings{DBLP:conf/cav/2017-2,
  editor    = {Rupak Majumdar and
               Viktor Kuncak},
  title     = {Computer Aided Verification - 29th International Conference, {CAV}
               2017, Heidelberg, Germany, July 24-28, 2017, Proceedings, Part {II}},
  series    = {Lecture Notes in Computer Science},
  volume    = {10427},
  publisher = {Springer},
  year      = {2017},
  url       = {https://doi.org/10.1007/978-3-319-63390-9},
  doi       = {10.1007/978-3-319-63390-9},
  isbn      = {978-3-319-63389-3},
  timestamp = {Fri, 14 Jul 2017 13:04:29 +0200},
  biburl    = {http://dblp.org/rec/bib/conf/cav/2017-2},
  bibsource = {dblp computer science bibliography, http://dblp.org}
}

@misc{ctlsat,
  author = {Nicola Prezza},
  title = {{CTL} (Computation Tree Logic) {SAT} solver},
  url = {https://github.com/nicolaprezza/CTLSAT}
}

@article{de2012synthesizing,
  title={Synthesizing concurrent programs using answer set programming},
  author={De Angelis, Emanuele and Pettorossi, Alberto and Proietti, Maurizio},
  journal={Fundamenta Informaticae},
  volume={120},
  number={3-4},
  pages={205--229},
  year={2012},
  publisher={IOS Press}
}

@inproceedings{klenze2016fast,
  title={Fast, Flexible, and Minimal {CTL} Synthesis via {SMT}},
  author={Klenze, Tobias and Bayless, Sam and Hu, Alan J},
  booktitle={International Conference on Computer Aided Verification},
  pages={136--156},
  year={2016},
  organization={Springer}
}

@inproceedings{jurdzinski2000small,
  title={Small progress measures for solving parity games},
  author={Jurdzi{\'n}ski, Marcin},
  booktitle={Annual Symposium on Theoretical Aspects of Computer Science},
  pages={290--301},
  year={2000},
  organization={Springer}
}

@article{ATA,
 author = {Kupferman, Orna and Vardi, Moshe Y. and Wolper, Pierre},
 title = {An Automata-theoretic Approach to Branching-time Model Checking},
 journal = {J. ACM},
 issue_date = {March 2000},
 volume = {47},
 number = {2},
 month = mar,
 year = {2000},
 issn = {0004-5411},
 pages = {312--360},
 numpages = {49},
 url = {http://doi.acm.org/10.1145/333979.333987},
 doi = {10.1145/333979.333987},
 acmid = {333987},
 publisher = {ACM},
 address = {New York, NY, USA},
} 

@article{MHConstruction,
  title={Alternating finite automata on $\omega$-words},
  author={Miyano, Satoru and Hayashi, Takeshi},
  journal={Theoretical Computer Science},
  volume={32},
  number={3},
  pages={321--330},
  year={1984},
  publisher={Elsevier}
}

@inproceedings{Alur97,
author = {Rajeev Alur and Thomas Henzinger and Orna Kupferman},
title = {Alternating-time Temporal Logic},
booktitle = {Journal of the ACM},
year = {1997},
pages = {100--109},
publisher = {IEEE Computer Society Press}
}

@book{PrinciplesMC,
  title={Principles of model checking},
  author={Baier, Christel and Katoen, Joost-Pieter},
  volume={26202649},
  year={2008},
  publisher={MIT press Cambridge}
}

@inproceedings{party,
  title={PARTY parameterized synthesis of token rings},
  author={Khalimov, Ayrat and Jacobs, Swen and Bloem, Roderick},
  booktitle={Computer Aided Verification},
  pages={928--933},
  year={2013},
  organization={Springer}
}

@inproceedings{ATL,
    author = {Rajeev Alur and Thomas Henzinger and Orna Kupferman},
    title = {Alternating-time Temporal Logic},
    booktitle = {Journal of the ACM},
    year = {1997},
    pages = {100--109},
    publisher = {IEEE Computer Society Press}
}

@article{BS,
  author    = {Bernd Finkbeiner and
               Sven Schewe},
  title     = {Bounded synthesis},
  journal   = {{STTT}},
  volume    = {15},
  number    = {5-6},
  pages     = {519--539},
  year      = {2013},
  url       = {https://doi.org/10.1007/s10009-012-0228-z},
  xdoi       = {10.1007/s10009-012-0228-z},
 }

@article{informatio,
  author    = {Orna Kupferman and
               Moshe Y. Vardi},
  title     = {Church's problem revisited},
  journal   = {Bulletin of Symbolic Logic},
  volume    = {5},
  number    = {2},
  pages     = {245--263},
  year      = {1999},
  url       = {http://www.math.ucla.edu/~asl/bsl/0502/0502-004.ps},
  xtimestamp = {Fri, 31 Mar 2006 14:53:26 +0200},
  xbiburl    = {http://dblp.uni-trier.de/rec/bib/journals/bsl/KupfermanV99},
  xbibsource = {dblp computer science bibliography, http://dblp.org}
}

@inproceedings{Safra,
  author    = {Shmuel Safra},
  title     = {On the Complexity of omega-Automata},
  booktitle = {29th Annual Symposium on Foundations of Computer Science, White Plains,
               New York, USA, 24-26 October 1988},
  pages     = {319--327},
  year      = {1988},
  crossref  = {DBLP:conf/focs/FOCS29},
  url       = {http://dx.doi.org/10.1109/SFCS.1988.21948},
  doi       = {10.1109/SFCS.1988.21948},
  timestamp = {Tue, 16 Dec 2014 09:57:19 +0100},
  biburl    = {http://dblp.uni-trier.de/rec/bib/conf/focs/Safra88},
  bibsource = {dblp computer science bibliography, http://dblp.org}
}

@proceedings{DBLP:conf/focs/FOCS29,
  title     = {29th Annual Symposium on Foundations of Computer Science, White Plains,
               New York, USA, 24-26 October 1988},
  publisher = {{IEEE} Computer Society},
  year      = {1988},
  url       = {http://ieeexplore.ieee.org/xpl/mostRecentIssue.jsp?punumber=219},
  isbn      = {0-8186-0877-3},
  timestamp = {Mon, 15 Dec 2014 18:48:44 +0100},
  biburl    = {http://dblp.uni-trier.de/rec/bib/conf/focs/FOCS29},
  bibsource = {dblp computer science bibliography, http://dblp.org}
}

@article{Piterman07,
  TITLE = {{From Nondeterministic B\"uchi and Streett Automata to Deterministic
  Parity Automata}},
  AUTHOR = {Piterman, Nir},
  URL = {http://lmcs.episciences.org/1199},
  DOI = {10.2168/LMCS-3(3:5)2007},
  JOURNAL = {{Logical Methods in Computer Science}},
  VOLUME = {{Volume 3, Issue 3}},
  YEAR = {2007},
  MONTH = Aug,
}


@proceedings{DBLP:conf/lics/2006,
  title     = {21th {IEEE} Symposium on Logic in Computer Science (LICS 2006),
               12-15 August 2006, Seattle, WA, USA, Proceedings},
  publisher = {{IEEE} Computer Society},
  year      = {2006},
  url       = {http://ieeexplore.ieee.org/xpl/mostRecentIssue.jsp?punumber=11132},
  isbn      = {0-7695-2631-4},
  biburl    = {http://dblp.uni-trier.de/rec/bib/conf/lics/2006},
  bibsource = {dblp computer science bibliography, http://dblp.org}
}

@inproceedings{DBLP:conf/popl/PnueliR89,
  author    = {Amir Pnueli and
               Roni Rosner},
  title     = {On the Synthesis of a Reactive Module},
  booktitle = {Conference Record of the Sixteenth Annual {ACM} Symposium on Principles
               of Programming Languages, Austin, Texas, USA, January 11-13, 1989},
  pages     = {179--190},
  year      = {1989},
  crossref  = {DBLP:conf/popl/1989},
  url       = {http://doi.acm.org/10.1145/75277.75293},
  doi       = {10.1145/75277.75293},
  timestamp = {Mon, 21 May 2012 16:19:51 +0200},
  biburl    = {http://dblp.uni-trier.de/rec/bib/conf/popl/PnueliR89},
  bibsource = {dblp computer science bibliography, http://dblp.org}
}

@proceedings{DBLP:conf/popl/1989,
  title     = {Conference Record of the Sixteenth Annual {ACM} Symposium on Principles
               of Programming Languages, Austin, Texas, USA, January 11-13, 1989},
  publisher = {{ACM} Press},
  year      = {1989},
  url       = {http://dl.acm.org/citation.cfm?id=75277},
  isbn      = {0-89791-294-2},
  timestamp = {Mon, 21 May 2012 16:19:51 +0200},
  biburl    = {http://dblp.uni-trier.de/rec/bib/conf/popl/1989},
  bibsource = {dblp computer science bibliography, http://dblp.org}
}
